<record><leader>00000cas a22000007a 4500</leader><controlfield tag="001">9714400</controlfield><controlfield tag="008">830719d18391844miuwr ne      0    0eng  </controlfield><controlfield tag="009">466</controlfield><datafield ind1=" " ind2=" " tag="010"><subfield code="a">sn 83016316 </subfield></datafield><datafield ind1=" " ind2=" " tag="040"><subfield code="a">DLC</subfield><subfield code="b">eng</subfield><subfield code="c">DLC</subfield></datafield><datafield ind1="1" ind2=" " tag="029"><subfield code="a">AU@</subfield><subfield code="b">000025836423</subfield></datafield><datafield ind1=" " ind2=" " tag="042"><subfield code="a">msc</subfield></datafield><datafield ind1="0" ind2="0" tag="050"><subfield code="a">Newspaper 8401-X</subfield></datafield><datafield ind1=" " ind2="4" tag="082"><subfield code="a">071</subfield></datafield><datafield ind1="0" ind2="0" tag="245"><subfield code="a">Western banner.</subfield></datafield><datafield ind1=" " ind2=" " tag="260"><subfield code="a">Kalamazoo, Mich. :</subfield><subfield code="b">J.H. McBride,</subfield><subfield code="c">1839-</subfield></datafield><datafield ind1=" " ind2=" " tag="300"><subfield code="a">v. ;</subfield><subfield code="c">68 cm.</subfield></datafield><datafield ind1=" " ind2=" " tag="310"><subfield code="a">Weekly</subfield></datafield><datafield ind1="0" ind2=" " tag="362"><subfield code="a">Vol. 1, no. 1 (May 28, 1839)-</subfield></datafield><datafield ind1="1" ind2=" " tag="362"><subfield code="a">Ceased in 1844?</subfield><subfield code="z">Cf. Gregory,  Amer. newspapers.</subfield></datafield><datafield ind1=" " ind2=" " tag="752"><subfield code="a">United States</subfield><subfield code="b">Michigan</subfield><subfield code="c">Kalamazoo</subfield><subfield code="d">Kalamazoo.</subfield></datafield></record>